@misc{wiki2017discretization,
   author = "Wikipedia",
   title = "Discretization --- Wikipedia{,} The Free Encyclopedia",
   year = "2017",
   url = "https://en.wikipedia.org/w/index.php?title=Discretization",
   note = "[Online; accessed May-2017]"
}


@article{Herdt2010auro,
  title={Online Walking Motion Generation with Automatic Footstep Placement},
  author={Herdt, A. and Diedam, H. and Wieber, P.B. and Dimitrov, D. and Mombaur, K. and Diehl, M.},
  journal={Advanced Robotics, 24},
  volume={5},
  number={6},
  pages={719--737},
  year={2010},
  publisher={VSP, an imprint of Brill}
}


@unpublished{Agravante2016preprint,
  title = {{Human-Humanoid Collaborative Carrying}},
  author = {Agravante, Don Joven and Cherubini, Andrea and Sherikov, Alexander and Wieber, Pierre-Brice and Kheddar, Abderrahmane},
  url = {http://hal-lirmm.ccsd.cnrs.fr/lirmm-01311154},
  note = {working paper or preprint},
  year = {2016},
  doi = {10.1177/ToBeAssigned},
  keywords = {Physical Human-Robot Interaction ; Human and humanoid skills/interaction},
  pdf = {http://hal-lirmm.ccsd.cnrs.fr/lirmm-01311154/file/2015-ijrr-agravante.pdf},
  hal_id = {lirmm-01311154},
  hal_version = {v1},
}


@inproceedings{Agravante2016icra,
  title = {Walking pattern generators designed for physical collaboration},
  author = {Agravante, Don Joven and Sherikov, Alexander and Wieber, Pierre-Brice and Cherubini, Andrea and Kheddar, Abderrahmane},
  url = {https://hal.archives-ouvertes.fr/hal-01274791},
  booktitle = {ICRA: International Conference on Robotics and Automation},
  address = {Stockholm, Sweden},
  editor = {IEEE},
  year = {2016},
  month = {May},
  keywords = {Humanoid walking ; human-humanoid physical interaction ; model-predictive control},
  pdf = {https://hal.archives-ouvertes.fr/hal-01274791/file/2016-icra-agravante.pdf},
  hal_id = {hal-01274791},
  hal_version = {v2},
}
